<?xml version="1.0" encoding="UTF-8"?><collection xmlns="http://www.loc.gov/MARC21/slim"><record><leader>00568nam--2200157-i-4500</leader><controlfield tag="001">000020913</controlfield><controlfield tag="002">20161230</controlfield><controlfield tag="005">20161230201033</controlfield><controlfield tag="008">060222s1000------------r-----000-0-eng-d</controlfield><datafield ind1=" " ind2=" " tag="020"><subfield code="a">92-826-3</subfield></datafield><datafield ind1=" " ind2=" " tag="080"><subfield code="a">621.039.84</subfield></datafield><datafield ind1=" " ind2=" " tag="100"><subfield code="a">Ph. Quevauviller /S.A.</subfield></datafield><datafield ind1=" " ind2=" " tag="245"><subfield code="a">The certification of the contents (mass fractions) of al, ca, cl, fe, k, mg, mn, na, p and s in freshwater low element content crm 398 high element content crm 399</subfield></datafield><datafield ind1=" " ind2=" " tag="260"><subfield code="a">Luxembourg: Office For Official Publications Of The European Communities, 1992 64 P</subfield></datafield><datafield ind1=" " ind2=" " tag="490"><subfield code="a">Eur 14062</subfield></datafield><datafield ind1=" " ind2=" " tag="852"><subfield code="a">80209</subfield></datafield></record></collection>